<record><leader>00000cas a22000007a 4500</leader><controlfield tag="001">12099350</controlfield><controlfield tag="008">850531d19181920utudr ne      0    0eng d</controlfield><datafield ind1=" " ind2=" " tag="010"><subfield code="a">sn 85058145 </subfield></datafield><datafield ind1=" " ind2=" " tag="040"><subfield code="a">UNP</subfield><subfield code="b">eng</subfield><subfield code="c">UNP</subfield><subfield code="d">OCLCQ</subfield></datafield><datafield ind1=" " ind2=" " tag="042"><subfield code="a">msc</subfield></datafield><datafield ind1="0" ind2=" " tag="130"><subfield code="a">Salt Lake herald (Salt Lake City, Utah : 1918)</subfield></datafield><datafield ind1="1" ind2="0" tag="245"><subfield code="a">Salt Lake herald.</subfield></datafield><datafield ind1="3" ind2="0" tag="246"><subfield code="a">Herald</subfield></datafield><datafield ind1=" " ind2=" " tag="260"><subfield code="a">Salt Lake City, Utah :</subfield><subfield code="b">Herald-Republican Pub. Co.,</subfield><subfield code="c">1918-1920.</subfield></datafield><datafield ind1=" " ind2=" " tag="300"><subfield code="a">8 v. :</subfield><subfield code="b">ill.</subfield></datafield><datafield ind1=" " ind2=" " tag="310"><subfield code="a">Daily</subfield></datafield><datafield ind1="0" ind2=" " tag="362"><subfield code="a">Vol. 184, no. 65 (July 9, 1918)-v. 191, no. 78 (July 18, 1920).</subfield></datafield><datafield ind1=" " ind2=" " tag="500"><subfield code="a">Republican.</subfield></datafield><datafield ind1=" " ind2=" " tag="580"><subfield code="a">Issues for July 9,1918-Jan. 11, 1920 also numbered vol. 21, no. 65-v. 26, no. 71; continuing the numbering of the Inter-mountain Republican.</subfield></datafield><datafield ind1=" " ind2=" " tag="752"><subfield code="a">United States</subfield><subfield code="b">Utah</subfield><subfield code="c">Salt Lake</subfield><subfield code="d">Salt Lake City.</subfield></datafield><datafield ind1="0" ind2="0" tag="780"><subfield code="t">Salt Lake herald-Republican</subfield><subfield code="w">(DLC)sn 85058140</subfield><subfield code="w">(OCoLC)12009284</subfield></datafield><datafield ind1="1" ind2=" " tag="787"><subfield code="t">Inter-mountain Republican</subfield><subfield code="w">(DLC)sn 85058146</subfield><subfield code="w">(OCoLC)12034087</subfield></datafield></record>